@Misc{maso2000,
  author =    {Brian Maso},
  title =     {{A New Era for Java Protocol Handlers}},
  howpublished = {\url{http://java.sun.com/developer/onlineTraining/protocolhandlers/}},
  month =     aug,
  year =      2000,
  note =      {Last accessed Jan 25, 2012}}

@Misc{quicklisp,
  author =       {Zach Beane},
  title =        {Quicklisp},
  howpublished = {\url{http://www.quicklisp.org/}},
  note =         {Last accessed Jan 25, 2012}}

@inproceedings{Rhodes2007,
 author = {Rhodes, Christophe},
 title = {User-extensible sequences in {Common Lisp}},
 booktitle = {Proceedings of the 2007 International Lisp Conference},
 year = {2009},
 isbn = {978-1-59593-618-9},
 location = {Cambridge, United Kingdom},
 pages = {13:1--13:14},
 articleno = {13},
 numpages = {14},
 url = {http://doi.acm.org/10.1145/1622123.1622138},
 doi = {http://doi.acm.org/10.1145/1622123.1622138},
 acmid = {1622138},
 publisher = {ACM},
 note = {Also available at
                  \url{http://doc.gold.ac.uk/~mas01cr/papers/ilc2007/sequences-20070301.pdf}}
}                   
 @Comment series = {ILC '07},
 @Comment address = {New York, NY, USA},

@Book{AMOP,
  author =    {Kiczales, Gregor and des Rivi√®res, Jim and Bobrow, Daniel G.},
  title =        {The Art of the Metaobject Protocol},
  publisher =    {MIT Press},
  year =         {1991},
}

